% This file was created with JabRef 2.10b2.
% Encoding: UTF-8


@Article{Bai2010,
  Title                    = {{A double droplet trap system for studying mass transport across a droplet-droplet interface}},
  Author                   = {Bai, Yunpeng and He, Ximin and Liu, Dingsheng and Patil, Santoshkumar N. and Bratton, Dan and Huebner, Ansgar and Hollfelder, Florian and Abell, Chris and Huck, Wilhelm T. S.},
  Journal                  = {Lab Chip},
  Year                     = {2010},
  Number                   = {10},
  Pages                    = {1281},
  Volume                   = {10},

  Doi                      = {10.1039/b925133b},
  ISSN                     = {1473-0197},
  Url                      = {http://xlink.rsc.org/?DOI=b925133b}
}

@Article{Besseling2009,
  Title                    = {{Quantitative imaging of colloidal flows}},
  Author                   = {Besseling, Rut and Isa, Lucio and Weeks, Eric R. and Poon, Wilson C.K.},
  Journal                  = {Adv. Colloid Interface Sci.},
  Year                     = {2009},
  Month                    = {feb},
  Number                   = {1-2},
  Pages                    = {1--17},
  Volume                   = {146},

  Doi                      = {10.1016/j.cis.2008.09.008},
  File                     = {:home/mathieu/Documents/Mendeley Desktop/2010/Advances in Colloid and Interface Science/Isa et al. - 2010 - Quantitative Imaging of Concentrated Suspensions Under Flow.pdf:pdf},
  ISSN                     = {00018686},
  Keywords                 = {Colloids},
  Url                      = {http://www.sciencedirect.com/science/article/B6V5F-4TMSNVY-1/2/96530a36e8ba6d0d97c9f6c8595e7272 http://link.springer.com/10.1007/12{\_}2009{\_}38 http://linkinghub.elsevier.com/retrieve/pii/S000186860800167X}
}

@Article{Crocker1996,
  Title                    = {{Methods of Digital Video Microscopy for Colloidal Studies}},
  Author                   = {Crocker, John C. and Grier, D G},
  Journal                  = {J. Coll. Interf. Sci.},
  Year                     = {1996},
  Month                    = {apr},
  Number                   = {1},
  Pages                    = {298--310},
  Volume                   = {179},

  Annote                   = {From Duplicate 2 ( Methods of Digital Video Microscopy for Colloidal Studies - Crocker, J; Grier, D G )
},
  Doi                      = {10.1006/jcis.1996.0217},
  File                     = {:home/mathieu/Documents/Mendeley Desktop/1996/J. Coll. Interf. Sci/Crocker, Grier - 1996 - Methods of Digital Video Microscopy for Colloidal Studies.pdf:pdf},
  ISSN                     = {00219797},
  Keywords                 = {colloid,diffusion coefficient,dynamics,for acquiring digital video,image processing,images of colloidal particles,in section ii,interaction potential,optical,required,sec-,tracking,tweezers,video microscopy,we describe typical instrumentation},
  Mendeley-tags            = {tracking},
  Publisher                = {Elsevier},
  Url                      = {http://linkinghub.elsevier.com/retrieve/pii/S0021979796902179}
}

@Article{Fujii2013,
  Title                    = {{Predatorâ€“Prey Molecular Ecosystems}},
  Author                   = {Fujii, Teruo and Rondelez, Yannick},
  Journal                  = {ACS Nano},
  Year                     = {2013},
  Month                    = {jan},
  Number                   = {1},
  Pages                    = {27--34},
  Volume                   = {7},

  Doi                      = {10.1021/nn3043572},
  ISSN                     = {1936-0851},
  Url                      = {http://pubs.acs.org/doi/abs/10.1021/nn3043572}
}

@Article{Guo2012,
  Title                    = {{Droplet microfluidics for high-throughput biological assays}},
  Author                   = {Guo, Mira T. and Rotem, Assaf and Heyman, John A. and Weitz, David A.},
  Journal                  = {Lab Chip},
  Year                     = {2012},
  Number                   = {12},
  Pages                    = {2146},
  Volume                   = {12},

  Doi                      = {10.1039/c2lc21147e},
  ISSN                     = {1473-0197},
  Url                      = {http://xlink.rsc.org/?DOI=c2lc21147e}
}

@Article{Kim2006,
  Title                    = {{Construction of an in vitro bistable circuit from synthetic transcriptional switches}},
  Author                   = {Kim, Jongmin and White, Kristin S and Winfree, Erik},
  Journal                  = {Mol. Syst. Biol.},
  Year                     = {2006},
  Month                    = {dec},
  Volume                   = {2},

  Doi                      = {10.1038/msb4100099},
  ISSN                     = {1744-4292},
  Url                      = {http://msb.embopress.org/cgi/doi/10.1038/msb4100099}
}

@Article{Kim2011,
  Title                    = {{Synthetic in vitro transcriptional oscillators}},
  Author                   = {Kim, J. and Winfree, E.},
  Journal                  = {Mol. Syst. Biol.},
  Year                     = {2011},
  Month                    = {apr},
  Number                   = {1},
  Pages                    = {465--465},
  Volume                   = {7},

  Doi                      = {10.1038/msb.2010.119},
  ISSN                     = {1744-4292},
  Url                      = {http://msb.embopress.org/cgi/doi/10.1038/msb.2010.119}
}

@Article{Kopell1973,
  Title                    = {{Horizontal Bands in the Belousov Reaction}},
  Author                   = {Kopell, N. and Howard, L. N.},
  Journal                  = {Science (80-. ).},
  Year                     = {1973},
  Month                    = {jun},
  Number                   = {4091},
  Pages                    = {1171--1173},
  Volume                   = {180},

  Doi                      = {10.1126/science.180.4091.1171},
  ISSN                     = {0036-8075},
  Url                      = {http://www.sciencemag.org/cgi/doi/10.1126/science.180.4091.1171}
}

@Article{Leocmach2013,
  Title                    = {{A novel particle tracking method with individual particle size measurement and its application to ordering in glassy hard sphere colloids}},
  Author                   = {Leocmach, Mathieu and Tanaka, Hajime},
  Journal                  = {Soft Matter},
  Year                     = {2013},
  Pages                    = {1447--1457},
  Volume                   = {9},

  Archiveprefix            = {arXiv},
  Arxivid                  = {1301.7237},
  Doi                      = {10.1039/c2sm27107a},
  Eprint                   = {1301.7237},
  File                     = {:home/mathieu/Documents/Mendeley Desktop/2013/Soft Matter/Leocmach, Tanaka - 2013 - A novel particle tracking method with individual particle size measurement and its application to ordering in.pdf:pdf},
  Url                      = {http://xlink.rsc.org/?DOI=c2sm27107a}
}

@Article{Montagne2011,
  Title                    = {{Programming an in vitro DNA oscillator using a molecular networking strategy}},
  Author                   = {Montagne, K. and Plasson, R. and Sakai, Y. and Fujii, T. and Rondelez, Y.},
  Journal                  = {Mol. Syst. Biol.},
  Year                     = {2011},
  Month                    = {apr},
  Number                   = {1},
  Pages                    = {466--466},
  Volume                   = {7},

  Doi                      = {10.1038/msb.2010.120},
  ISSN                     = {1744-4292},
  Url                      = {http://msb.embopress.org/cgi/doi/10.1038/msb.2010.120}
}

@Article{Padirac2012,
  Title                    = {{Bottom-up construction of in vitro switchable memories}},
  Author                   = {Padirac, A. and Fujii, T. and Rondelez, Y.},
  Journal                  = {Proc. Natl. Acad. Sci.},
  Year                     = {2012},
  Month                    = {nov},
  Number                   = {47},
  Pages                    = {E3212--E3220},
  Volume                   = {109},

  Doi                      = {10.1073/pnas.1212069109},
  ISSN                     = {0027-8424},
  Url                      = {http://www.pnas.org/cgi/doi/10.1073/pnas.1212069109}
}

@Article{Padirac2012a,
  Title                    = {{Quencher-free multiplexed monitoring of DNA reaction circuits}},
  Author                   = {Padirac, A. and Fujii, T. and Rondelez, Y.},
  Journal                  = {Nucleic Acids Res.},
  Year                     = {2012},
  Month                    = {aug},
  Number                   = {15},
  Pages                    = {e118--e118},
  Volume                   = {40},

  Doi                      = {10.1093/nar/gks621},
  ISSN                     = {0305-1048},
  Url                      = {http://nar.oxfordjournals.org/lookup/doi/10.1093/nar/gks621}
}

@Article{Pekin2011,
  Title                    = {{Quantitative and sensitive detection of rare mutations using droplet-based microfluidics}},
  Author                   = {Pekin, Deniz and Skhiri, Yousr and Baret, Jean-Christophe and {Le Corre}, Delphine and Mazutis, Linas and {Ben Salem}, Chaouki and Millot, Florian and {El Harrak}, Abdeslam and Hutchison, J. Brian and Larson, Jonathan W. and Link, Darren R. and Laurent-Puig, Pierre and Griffiths, Andrew D. and Taly, Val{\'{e}}rie},
  Journal                  = {Lab Chip},
  Year                     = {2011},
  Number                   = {13},
  Pages                    = {2156},
  Volume                   = {11},

  Doi                      = {10.1039/c1lc20128j},
  ISSN                     = {1473-0197},
  Url                      = {http://xlink.rsc.org/?DOI=c1lc20128j}
}

@Article{Perkins2009,
  Title                    = {{Strategies for cellular decision-making}},
  Author                   = {Perkins, Theodore J and Swain, Peter S},
  Journal                  = {Mol. Syst. Biol.},
  Year                     = {2009},
  Month                    = {nov},
  Volume                   = {5},

  Doi                      = {10.1038/msb.2009.83},
  ISSN                     = {1744-4292},
  Url                      = {http://msb.embopress.org/cgi/doi/10.1038/msb.2009.83}
}

@Article{Pompano2011,
  Title                    = {{Microfluidics Using Spatially Defined Arrays of Droplets in One, Two, and Three Dimensions}},
  Author                   = {Pompano, Rebecca R. and Liu, Weishan and Du, Wenbin and Ismagilov, Rustem F.},
  Journal                  = {Annu. Rev. Anal. Chem.},
  Year                     = {2011},
  Month                    = {jul},
  Number                   = {1},
  Pages                    = {59--81},
  Volume                   = {4},

  Doi                      = {10.1146/annurev.anchem.012809.102303},
  ISSN                     = {1936-1327},
  Url                      = {http://www.annualreviews.org/doi/abs/10.1146/annurev.anchem.012809.102303}
}

@Article{Szostak2001,
  Title                    = {{Synthesizing life}},
  Author                   = {Szostak, Jack W. and Bartel, David P. and Luisi, P. Luigi},
  Journal                  = {Nature},
  Year                     = {2001},
  Month                    = {jan},
  Number                   = {6818},
  Pages                    = {387--390},
  Volume                   = {409},

  Doi                      = {10.1038/35053176},
  ISSN                     = {00280836},
  Url                      = {http://www.nature.com/doifinder/10.1038/35053176}
}

@Article{Taylor2009,
  Title                    = {{Dynamical Quorum Sensing and Synchronization in Large Populations of Chemical Oscillators}},
  Author                   = {Taylor, A. F. and Tinsley, M. R. and Wang, F. and Huang, Z. and Showalter, K.},
  Journal                  = {Science (80-. ).},
  Year                     = {2009},
  Month                    = {jan},
  Number                   = {5914},
  Pages                    = {614--617},
  Volume                   = {323},

  Doi                      = {10.1126/science.1166253},
  ISSN                     = {0036-8075},
  Url                      = {http://www.sciencemag.org/cgi/doi/10.1126/science.1166253}
}

@Article{Tkacik2009,
  Title                    = {{Diffusion, dimensionality, and noise in transcriptional regulation}},
  Author                   = {Tka{\v{c}}ik, Ga{\v{s}}per and Bialek, William},
  Journal                  = {Phys. Rev. E},
  Year                     = {2009},
  Month                    = {may},
  Number                   = {5},
  Pages                    = {051901},
  Volume                   = {79},

  Doi                      = {10.1103/PhysRevE.79.051901},
  ISSN                     = {1539-3755},
  Url                      = {http://link.aps.org/doi/10.1103/PhysRevE.79.051901}
}

@Article{Toiya2008,
  Title                    = {{Diffusively Coupled Chemical Oscillators in a Microfluidic Assembly}},
  Author                   = {Toiya, Masahiro and Vanag, Vladimir K. and Epstein, Irving R.},
  Journal                  = {Angew. Chemie Int. Ed.},
  Year                     = {2008},
  Month                    = {sep},
  Number                   = {40},
  Pages                    = {7753--7755},
  Volume                   = {47},

  Doi                      = {10.1002/anie.200802339},
  ISSN                     = {14337851},
  Url                      = {http://doi.wiley.com/10.1002/anie.200802339}
}

@Article{Vogelstein1999,
  Title                    = {{Digital PCR}},
  Author                   = {Vogelstein, B. and Kinzler, K. W.},
  Journal                  = {Proc. Natl. Acad. Sci.},
  Year                     = {1999},
  Month                    = {aug},
  Number                   = {16},
  Pages                    = {9236--9241},
  Volume                   = {96},

  Doi                      = {10.1073/pnas.96.16.9236},
  ISSN                     = {0027-8424},
  Url                      = {http://www.pnas.org/cgi/doi/10.1073/pnas.96.16.9236}
}

